

@BOOK{papoulis,
   author = "Athanasios Papoulis and S. Unnikrishna Pillai",
   title = "Probability, Random Variables and Stochastic Processes",
   publisher = "McGraw-Hill",
   edition = "Fourth",
   year = "2002",
}

@BOOK{bishop,
   author = "Christopher M. Bishop",
   title = "Pattern Recognition and Machine Learning",
   series = "Information Science and Statistics",
   publisher = "Springer",
   year = "2006",
}

@BOOK{theodoridis-ML,
   author = "Sergios Theodoridis",
   title = "Machine Learning: A Bayesian and Optimization Perspective",
   publisher = "Elsevier",
   year = "2015",
}

@BOOK{kay-est,
   author = "Steven M. Kay",
   title = "Fundamentals of Statistical Signal Processing: Estimation Theory",
   volume = 1,
   series = "Signal Processing Series",
   publisher = "Prentice-Hall",
   address = "Upper Saddle River, New Jersey",
   year = "1993",
}

@BOOK{kay-det,
   author = "Steven M. Kay",
   title = "Fundamentals of Statistical Signal Processing: Detection Theory",
   volume = 2,
   series = "Signal Processing Series",
   publisher = "Prentice-Hall",
   address = "Upper Saddle River, New Jersey",
   year = "1998",
}

@BOOK{feller,
   author = "William Feller",
   title = "An Introduction to Probability Theory and Its Applications",
   volume = 2,
   series = "Probability and Mathematical Statistics",
   publisher = "John Wiley \& Sons",
   address = "New York, New York",
   edition = "Second",
   year = "1971",
}

@ARTICLE{ferguson,
   author = {Thomas S. Ferguson},
   title = {A Bayesian Analysis of Some Nonparametric Problems},
   journal = {The Annals of Statistics},
   year = 1973,
   volume = 1,
   number = 2,
   pages = "209-230",
}

@ARTICLE{gershman,
   author = {Samuel J. Gershman and David M. Blei},
   title = {A tutorial on Bayesian nonparametric models},
   journal = {Journal of Mathematical Psychology},
   year = 2012,
   volume = 56,
}

@BOOK{johnson,
   author = "Norman L. Johnson and Samuel Kotz and N. Balakrishnan",
   title = "Discrete Multivariate Distributions",
   series = "Probability and Statistics",
   publisher = "John Wiley \& Sons",
   year = "1997",
}

@TECHREPORT{minka-multi,
   author = "Thomas P. Minka",
   title = "Bayesian inference, entropy, and the multinomial distribution",
   institution = "Microsoft Research",
   year = 2003,
}

@BOOK{graham,
   author = "Ronald L. Graham and Donald E. Knuth and Oren Patashnik",
   title = "Concrete Mathematics",
   publisher = "Addison-Wesley",
   address = "Reading, Massachusetts",
   edition = "Second",
   year = "1994",
}

@TECHREPORT{murphy,
   author = "Kevin P. Murphy",
   title = "Binomial and multinomial distributions",
   institution = "University of British Columbia",
   year = 2006,
}

@BOOK{bernardo,
   author = "Jos\'{e} M. Bernardo and Adrian F. M. Smith",
   title = "Bayesian Theory",
   series = "Wiley Series in Probability and Statistics",
   publisher = "John Wiley \& Sons",
   year = "2000",
}

@ARTICLE{wendel,
   author = {J. G. Wendel},
   title = {Note on the Gamma Function},
   journal = {The American Mathematical Monthly},
   year = 1948,
   volume = 55,
   number = 9,
   pages = "563-564",
}

@BOOK{brualdi,
   author = "Richard A. Brualdi",
   title = "Introductory Combinatorics",
   publisher = "Pearson",
   edition = "Fifth",
   year = "2010",
}

@ARTICLE{ruiz,
   author = {Sebastian Ruiz},
   title = {An Algebraic Identity Leading to Wilson's Theorem},
   journal = {The Mathematical Gazette},
   year = 1996,
   volume = 80,
   number = 489,
}

@ARTICLE{roman,
   author = {Steven Roman},
   title = {The Logarithmic Binomial Formula},
   journal = {American Mathematical Monthly},
   year = 1992,
   volume = 99,
   number = 7,
}

@BOOK{box,
   author = "George E.P. Box and George C. Tiao",
   title = "Bayesian Inference in Statistical Analysis",
   publisher = "Wiley",
   year = "1973",
}

@BOOK{berger,
   author = "James O. Berger",
   title = "Statistical Decision Theory and Bayesian Analysis",
   publisher = "Springer",
   edition = "Second",
   year = "1980",
}

@ARTICLE{stephan,
   author = {Frederick F. Stephan},
   title = {The Expected Value and Variance of the Reciprocal and other Negative Powers of a Positive Bernoullian Variate},
   journal = {The Annals of Mathematical Statistics},
   year = 1945,
   volume = 16,
   number = 1,
   pages = "50-61"
}


@article{rao,
 author = {C. Radhakrishna Rao},
 journal = {Sankhyā: The Indian Journal of Statistics (1933-1960)},
 number = {1/2},
 pages = {139-148},
 publisher = {Springer},
 title = {Maximum Likelihood Estimation for the Multinomial Distribution},
 volume = {18},
 year = {1957}
}

@book{bellman,
 author = {Bellman, Richard Ernest},
 title = {Dynamic Programming},
 year = {2003},
 isbn = {0486428095},
 publisher = {Dover Publications, Inc.},
 address = {New York, NY, USA},
} 


% range definition
@book{rudin,
author = {Rudin, Walter},
title = {Real and Complex Analysis, 3rd Ed.},
year = {1987},
isbn = {0070542341},
publisher = {McGraw-Hill, Inc.},
address = {USA}
}





%%% Background references

% Bayes original
@article{bayes,
	journal = {Philosophical Transactions},
	title = {An Essay Towards Solving a Problem in the Doctrine of Chances},
	author = {T. Bayes},
	volume = {53},
	pages = {370--418},
	year = {1763}
}

% nearest-neighbor performance
@BOOK{devroye,
   author = "Luc Devroye and L\'aszl\'o Gy\H orfi and G\'abor Lugosi",
   title = "A Probabilisitic Theory of Pattern Recognition",
   publisher = "Springer-Verlag",
   year = "1996",
}

% Nearest-neighbor consistency
@article{stone,
author = "Stone, Charles J.",
doi = "10.1214/aos/1176343886",
fjournal = "The Annals of Statistics",
journal = "Ann. Statist.",
month = "07",
number = "4",
pages = "595--620",
publisher = "The Institute of Mathematical Statistics",
title = "Consistent Nonparametric Regression",
url = "https://doi.org/10.1214/aos/1176343886",
volume = "5",
year = "1977"
}

% empirical risk minimiziation
@inproceedings{vapnik,
  title={On the Uniform Convergence of Relative Frequencies of Events to Their Probabilities},
  author={V. Vapnik and Alexei Ya. Chervonenkis},
  year={1971},
  booktitle = {Theory of Probability and its Applications},
  volume = 16
}


% expectation maximization
@article{dempster,
 author = {A. P. Dempster and N. M. Laird and D. B. Rubin},
 journal = {Journal of the Royal Statistical Society. Series B (Methodological)},
 number = {1},
 pages = {1--38},
 publisher = {[Royal Statistical Society, Wiley]},
 title = {Maximum Likelihood from Incomplete Data via the EM Algorithm},
 volume = {39},
 year = {1977}
}

% variational approximation for Bayesian inference
@phdthesis{beal,
author = {Matthew J. Beal},
school = {University College London},
year = {2003},
month = {01},
title = {Variational algorithms for approximate Bayesian inference},
journal = {PhD thesis}
}

% expectation propagation
@article{minka-ep,
  author    = {Thomas P. Minka},
  title     = {Expectation Propagation for approximate Bayesian inference},
  journal   = {CoRR},
  volume    = {abs/1301.2294},
  year      = {2013},
  url       = {http://arxiv.org/abs/1301.2294},
  archivePrefix = {arXiv},
  eprint    = {1301.2294},
  timestamp = {Mon, 13 Aug 2018 16:46:02 +0200},
  biburl    = {https://dblp.org/rec/bib/journals/corr/abs-1301-2294},
  bibsource = {dblp computer science bibliography, https://dblp.org}
}


% importance sampling
@book{mackay-is,
 author = {MacKay, David J. C.},
 title = {Information Theory, Inference, and Learning Algorithms},
 year = {2002},
 isbn = {0521642981},
 publisher = {Cambridge University Press},
 address = {New York, NY, USA},
} 

% Metropolis-Hastings method (MCMC)
@article{hastings,
 ISSN = {00063444},
 author = {W. K. Hastings},
 journal = {Biometrika},
 number = {1},
 pages = {97--109},
 publisher = {[Oxford University Press, Biometrika Trust]},
 title = {Monte Carlo Sampling Methods Using Markov Chains and Their Applications},
 volume = {57},
 year = {1970}
}





% gaussian processes, learning in infinite spaces
@book{rasmussen,
 author = {Rasmussen, Carl Edward and Williams, Christopher K. I.},
 title = {Gaussian Processes for Machine Learning (Adaptive Computation and Machine Learning)},
 year = {2005},
 isbn = {026218253X},
 publisher = {The MIT Press},
} 

% GPs, Dirichlet mixture
@incollection{meeds,
title = {An Alternative Infinite Mixture Of Gaussian Process Experts},
author = {Edward Meeds and Osindero, Simon},
booktitle = {Advances in Neural Information Processing Systems 18},
editor = {Y. Weiss and B. Sch\"{o}lkopf and J. C. Platt},
pages = {883--890},
year = {2006},
publisher = {MIT Press},
}






% ImageNet LSVRC-2010
@inproceedings{krizhevsky,
 author = {Krizhevsky, Alex and Sutskever, Ilya and Hinton, Geoffrey E.},
 title = {ImageNet Classification with Deep Convolutional Neural Networks},
 booktitle = {Proceedings of the 25th International Conference on Neural Information Processing Systems - Volume 1},
 series = {NIPS'12},
 year = {2012},
 location = {Lake Tahoe, Nevada},
 pages = {1097--1105},
 numpages = {9},
 url = {http://dl.acm.org/citation.cfm?id=2999134.2999257},
 acmid = {2999257},
 publisher = {Curran Associates Inc.},
 address = {USA},
} 

% Deep belief networks for TIMIT
@article{mohamed,
author = {Mohamed, Abdel-rahman and Dahl, George and Hinton, Geoffrey},
year = {2010},
month = {07},
pages = {},
title = {Deep Belief Networks for phone recognition},
volume = {4},
journal = {Science}
}

% LeCun, MNIST handwritten digit database
@INPROCEEDINGS{lecun-mnist,
    author = {Yann Lecun and Léon Bottou and Yoshua Bengio and Patrick Haffner},
    title = {Gradient-based learning applied to document recognition},
    booktitle = {Proceedings of the IEEE},
    year = {1998},
    pages = {2278--2324}
}


% no free lunch theorem
@article{wolpert,
 author = {Wolpert, David H.},
 title = {The Lack of a Priori Distinctions Between Learning Algorithms},
 journal = {Neural Comput.},
 volume = {8},
 number = {7},
 month = oct,
 year = {1996},
 pages = {1341--1390},
 publisher = {MIT Press},
 address = {Cambridge, MA, USA},
} 

% tensorflow
@misc{tensorflow,
title={ {TensorFlow}: Large-Scale Machine Learning on Heterogeneous Systems},
url={https://www.tensorflow.org/},
note={Software available from tensorflow.org},
author={
    Mart\'{\i}n~Abadi and
    Ashish~Agarwal and
    Paul~Barham and
    Eugene~Brevdo and
    Zhifeng~Chen and
    Craig~Citro and
    Greg~S.~Corrado and
    Andy~Davis and
    Jeffrey~Dean and
    Matthieu~Devin and
    Sanjay~Ghemawat and
    Ian~Goodfellow and
    Andrew~Harp and
    Geoffrey~Irving and
    Michael~Isard and
    Yangqing Jia and
    Rafal~Jozefowicz and
    Lukasz~Kaiser and
    Manjunath~Kudlur and
    Josh~Levenberg and
    Dandelion~Man\'{e} and
    Rajat~Monga and
    Sherry~Moore and
    Derek~Murray and
    Chris~Olah and
    Mike~Schuster and
    Jonathon~Shlens and
    Benoit~Steiner and
    Ilya~Sutskever and
    Kunal~Talwar and
    Paul~Tucker and
    Vincent~Vanhoucke and
    Vijay~Vasudevan and
    Fernanda~Vi\'{e}gas and
    Oriol~Vinyals and
    Pete~Warden and
    Martin~Wattenberg and
    Martin~Wicke and
    Yuan~Yu and
    Xiaoqiang~Zheng},
  year={2015},
}


% speech analysis - log scale
@BOOK{flanagan,
   author = "James L. Flanagan",
   title = "Speech Analysis, Synthesis and Perception",
   publisher = "Springer-Verlag",
   series = {Communication and Cybernetics},
   edition = "Second",
   year = "1972",
}

% human visuals - orientation selectivity
@article{campbell-orientation,
author = {Campbell, F. W. and Kulikowski, J. J.},
title = {Orientational selectivity of the human visual system},
journal = {The Journal of Physiology},
volume = {187},
number = {2},
pages = {437-445},
doi = {10.1113/jphysiol.1966.sp008101},
year = {1966}
}

% human visuals - frequency decomposition
@article{campbell-fourier,
author = {Campbell, F. W. and Robson, J. G.},
title = {Application of fourier analysis to the visibility of gratings},
journal = {The Journal of Physiology},
volume = {197},
number = {3},
pages = {551-566},
doi = {10.1113/jphysiol.1968.sp008574},
year = {1968}
}

% multiresolution theory
@ARTICLE{mallat-multires,
author={S. G. {Mallat}},
journal={IEEE Transactions on Pattern Analysis and Machine Intelligence},
title={A theory for multiresolution signal decomposition: the wavelet representation},
year={1989},
volume={11},
number={7},
pages={674-693},
doi={10.1109/34.192463},
month={July},}

% wavelet tour
@book{mallat-wavtour,
 author = {S. G. {Mallat}},
 title = {A Wavelet Tour of Signal Processing, Third Edition: The Sparse Way},
 year = {2008},
 isbn = {0123743702, 9780123743701},
 edition = {3rd},
 publisher = {Academic Press, Inc.},
 address = {Orlando, FL, USA},
} 

% shift invariant image features
@INPROCEEDINGS{marco,
author={S. {Del Marco} and P. {Heller} and J. {Weiss}},
booktitle={1995 International Conference on Acoustics, Speech, and Signal Processing},
title={An M-band, 2-dimensional translation-invariant wavelet transform and applications},
year={1995},
volume={2},
pages={1077-1080 vol.2},
doi={10.1109/ICASSP.1995.480421},
month={May},}

% MFCC
@ARTICLE{picone,
author={J. W. {Picone}},
journal={Proceedings of the IEEE},
title={Signal modeling techniques in speech recognition},
year={1993},
volume={81},
number={9},
pages={1215-1247},
month={Sep.},}

% MFCC
@book{rabiner,
author={Lawrence Rabiner and Biing-Hwang Juang},
title={Fundamentals of speech recognition},
publisher={Prentice-Hall},
address={Englewood Cliffs, NJ},
year=1993
}




